[gd_resource type="Theme" load_steps=10 format=2]

[ext_resource path="res://Interface/Fonts/SayDo/SayDo14.tres" type="DynamicFont" id=2]
[ext_resource path="res://Common/UI/Style/TexFGStyleBoxFlat.tres" type="StyleBox" id=3]
[ext_resource path="res://Common/UI/Style/TexBGStyleBoxFlat.tres" type="StyleBox" id=4]

[sub_resource type="StyleBoxFlat" id=1]
content_margin_left = 8.0
content_margin_right = 8.0
content_margin_top = 4.0
content_margin_bottom = 0.0
bg_color = Color( 0.466667, 0.447059, 0.486275, 1 )
border_width_left = 3
border_width_top = 2
border_width_right = 2
border_width_bottom = 3
border_color = Color( 0.384314, 0.384314, 0.384314, 1 )
border_blend = true
corner_radius_top_left = 25
corner_radius_top_right = 25
corner_radius_bottom_right = 25
corner_radius_bottom_left = 25
shadow_color = Color( 0.172549, 0.188235, 0.360784, 0.6 )
shadow_size = 2

[sub_resource type="StyleBoxFlat" id=2]
bg_color = Color( 0.121569, 0.529412, 1, 0.670588 )
border_color = Color( 0, 0.337255, 0.721569, 0.670588 )
corner_radius_top_left = 25
corner_radius_top_right = 25
corner_radius_bottom_right = 25
corner_radius_bottom_left = 25

[sub_resource type="StyleBoxFlat" id=3]
content_margin_left = 8.0
content_margin_right = 8.0
content_margin_top = 4.0
content_margin_bottom = 0.0
bg_color = Color( 0, 0.447059, 0.960784, 0.670588 )
border_width_left = 3
border_width_top = 2
border_width_right = 2
border_width_bottom = 3
border_color = Color( 0, 0.337255, 0.721569, 0.670588 )
border_blend = true
corner_radius_top_left = 25
corner_radius_top_right = 25
corner_radius_bottom_right = 25
corner_radius_bottom_left = 25
shadow_color = Color( 0, 0.337255, 0.721569, 0.588235 )
shadow_size = 2

[sub_resource type="StyleBoxFlat" id=4]
bg_color = Color( 0, 0.372549, 0.8, 0.670588 )
border_width_left = 1
border_width_top = 1
border_width_right = 1
border_width_bottom = 1
border_color = Color( 0, 0.337255, 0.721569, 0.670588 )
corner_radius_top_left = 25
corner_radius_top_right = 25
corner_radius_bottom_right = 25
corner_radius_bottom_left = 25

[sub_resource type="StyleBoxFlat" id=5]
bg_color = Color( 0.992157, 0.866667, 0.0509804, 0.647059 )
border_width_left = 20
border_width_top = 20
border_width_right = 20
border_width_bottom = 20
border_color = Color( 0.7, 0.611333, 0.035, 0.647059 )
border_blend = true
corner_radius_top_left = 25
corner_radius_top_right = 25
corner_radius_bottom_right = 25
corner_radius_bottom_left = 25
shadow_color = Color( 0.6, 0.524, 0.03, 0.647059 )
shadow_size = 1

[sub_resource type="StyleBoxFlat" id=6]
bg_color = Color( 0.192157, 0.0313726, 0.4, 0.392157 )
border_width_left = 2
border_width_top = 2
border_width_right = 2
border_width_bottom = 2
border_color = Color( 0.0957333, 0.016, 0.2, 0.796078 )
border_blend = true
corner_radius_top_left = 2
corner_radius_top_right = 2
corner_radius_bottom_right = 2
corner_radius_bottom_left = 2
corner_detail = 4
shadow_color = Color( 0.0696, 0.012, 0.12, 0.65098 )
shadow_size = 1

[resource]
default_font = ExtResource( 2 )
Button/colors/font_color = Color( 0.88, 0.88, 0.88, 1 )
Button/colors/font_color_disabled = Color( 0.9, 0.9, 0.9, 0.2 )
Button/colors/font_color_hover = Color( 0.94, 0.94, 0.94, 1 )
Button/colors/font_color_pressed = Color( 1, 1, 1, 1 )
Button/constants/hseparation = 2
Button/fonts/font = null
Button/styles/disabled = SubResource( 1 )
Button/styles/focus = null
Button/styles/hover = SubResource( 2 )
Button/styles/normal = SubResource( 3 )
Button/styles/pressed = SubResource( 4 )
Panel/styles/panel = SubResource( 5 )
ProgressBar/colors/font_color = Color( 0.94, 0.94, 0.94, 1 )
ProgressBar/colors/font_color_shadow = Color( 0, 0, 0, 1 )
ProgressBar/fonts/font = null
ProgressBar/styles/bg = ExtResource( 4 )
ProgressBar/styles/fg = ExtResource( 3 )
TooltipLabel/colors/font_color = Color( 1, 1, 1, 1 )
TooltipLabel/colors/font_color_shadow = Color( 0, 0, 0, 0.1 )
TooltipLabel/constants/shadow_offset_x = 1
TooltipLabel/constants/shadow_offset_y = 1
TooltipLabel/fonts/font = ExtResource( 2 )
TooltipPanel/styles/panel = SubResource( 6 )
